@Article{         hickingbotham.wood:shallow,
  author        = {Robert Hickingbotham and David R. Wood},
  title         = {Shallow Minors, Graph Products and Beyond Planar Graphs},
  journal       = {CoRR},
  volume        = {abs/2111.12412},
  year          = {2021},
  url           = {https://arxiv.org/abs/2111.12412},
  eprinttype    = {arXiv},
  eprint        = {2111.12412},
}


@Article{         lokshtanov.panolan:framework,
  author        = {Daniel Lokshtanov and Fahad Panolan and Saket Saurabh and Jie Xue and Meirav Zehavi},
  title         = {A Framework for Approximation Schemes on Disk Graphs},
  journal       = {CoRR},
  volume        = {abs/2211.02717},
  year          = {2022},
  url           = {https://arxiv.org/abs/2111.12412},
  eprinttype    = {arXiv},
  eprint        = {2211.02717},
}


@article{fomin.lokshtanov.ea:excluded,
  author    = {Fedor V. Fomin and
               Daniel Lokshtanov and
               Saket Saurabh},
  title     = {Excluded Grid Minors and Efficient Polynomial-Time Approximation Schemes},
  journal   = {J. {ACM}},
  volume    = {65},
  number    = {2},
  pages     = {10:1--10:44},
  year      = {2018},
  url       = {https://doi.org/10.1145/3154833},
  doi       = {10.1145/3154833},
  timestamp = {Sat, 19 Oct 2019 19:27:18 +0200},
  biburl    = {https://dblp.org/rec/journals/jacm/FominLS18.bib},
  bibsource = {dblp computer science bibliography, https://dblp.org}
}
